<record><leader>00000cas a2200000 a 4500</leader><controlfield tag="001">11942810</controlfield><controlfield tag="008">850419c19159999ksuwr ne      0    0eng d</controlfield><datafield ind1=" " ind2=" " tag="010"><subfield code="a">sn 85031253 </subfield></datafield><datafield ind1=" " ind2=" " tag="040"><subfield code="a">KSH</subfield><subfield code="b">eng</subfield><subfield code="c">KSH</subfield><subfield code="d">NPT</subfield><subfield code="d">OCL</subfield><subfield code="d">OCLCQ</subfield></datafield><datafield ind1=" " ind2=" " tag="042"><subfield code="a">msc</subfield></datafield><datafield ind1="0" ind2="0" tag="245"><subfield code="a">Elkhart tri-state news.</subfield></datafield><datafield ind1="1" ind2="3" tag="246"><subfield code="a">Elkhart tri-state news and the Morton County farmer</subfield><subfield code="f">Sept. 9-Nov. 26, 1937</subfield></datafield><datafield ind1=" " ind2=" " tag="260"><subfield code="a">Elkhart, Kan. :</subfield><subfield code="b">Eugene L. Smith &amp; J.E. Burks,</subfield><subfield code="c">1915-</subfield></datafield><datafield ind1=" " ind2=" " tag="300"><subfield code="a">v. :</subfield><subfield code="b">ill. ;</subfield><subfield code="c">44-60 cm.</subfield></datafield><datafield ind1=" " ind2=" " tag="310"><subfield code="a">Weekly</subfield></datafield><datafield ind1="0" ind2=" " tag="362"><subfield code="a">Vol. 28, no. 45 (Dec. 2, 1915)-</subfield></datafield><datafield ind1=" " ind2=" " tag="500"><subfield code="a">Publisher varies.</subfield></datafield><datafield ind1=" " ind2=" " tag="525"><subfield code="a">Supplements included.</subfield></datafield><datafield ind1=" " ind2=" " tag="752"><subfield code="a">United States</subfield><subfield code="b">Kansas</subfield><subfield code="c">Morton</subfield><subfield code="d">Elkhart.</subfield></datafield><datafield ind1="0" ind2="4" tag="780"><subfield code="t">Elkhart news</subfield><subfield code="w">(DLC)sn 85031252</subfield></datafield><datafield ind1="0" ind2="4" tag="780"><subfield code="t">Elkhart enterprise</subfield><subfield code="w">(DLC)sn 85031242</subfield></datafield><datafield ind1="0" ind2="5" tag="780"><subfield code="t">Morton County progress and Rolla progress</subfield><subfield code="g">Apr. 22, 1926</subfield><subfield code="w">(DLC)sn 85031265</subfield></datafield><datafield ind1="0" ind2="5" tag="780"><subfield code="t">Elkhart messenger</subfield><subfield code="g">Apr. 1932</subfield><subfield code="w">(DLC)sn 85031243</subfield></datafield><datafield ind1="0" ind2="5" tag="780"><subfield code="t">Morton County farmer</subfield><subfield code="g">Sept. 9, 1937</subfield><subfield code="w">(DLC)sn 85031263</subfield></datafield></record>